@article{.14.02.2019,
 date = {2019-02-14},
 title = {Izbeidz lietu pret Herbertu Cukuru par iespējamo līdzdalību ebreju iznīcinā{\v{s}}anā},
 url = {https://www.lsm.lv/raksts/zinas/latvija/izbeidz-lietu-pret-herbertu-cukuru-par-iespejamo-lidzdalibu-ebreju-iznicinasana.a309556/},
 journal = {LSM News}
}


@book{Wezel.2016,
 author = {Wezel, Katja},
 year = {2016},
 title = {Geschichte als Politikum: Lettland und die Aufarbeitung nach der Diktatur},
 address = {Berlin},
 publisher = {{Berliner Wissenschafts-Verlag}}
}


@incollection{Viksne.2005,
 author = {Vīksne, Rudīte},
 title = {Members of the Arājs Commando in Soviet Court Files: Social Position, Education, Reasons for Volunteering, Penalty},
 pages = {188--206},
 editor = {Oberl{\"a}nder, Erwin and Nollendorfs, Valters},
 booktitle = {The Hidden and Forbidden History of Latvia under Soviet and Nazi Occupations.},
 year = {2005},
 address = {Riga}
}


@book{Uhlig.2015,
 year = {2015},
 title = {Schiefheilungen: Zeitgen{\"o}ssische Betrachtungen {\"u}ber Antisemitismus.},
 address = {Wiesbaden},
 publisher = {{Springer VS}},
 editor = {Uhlig, Tom and Gehrlein, Martin and Busch, Charlotte}
}


@article{TokarskaBakir.2011,
 author = {Tokarska-Bakir, Joanna},
 year = {2011},
 title = {Cries of the Mob in the Pogroms in Rzesz{\'o}w (June 1945), Cracow (August 1945), and Kielce (July 1946) as a Source for the State of Mind of the Participants},
 pages = {553--574},
 volume = {25},
 number = {3},
 journal = {East European Politics and Societies}
}


@misc{SupremeCourtofTheRepublicofLatvia.22.10.2018,
 date = {2018-10-22},
 title = {Naida runa un vārda brīvība: Tiesu prakse krimināllietās par Krimināllikuma 74., 78., 150.},
 url = {http://www.at.gov.lv/files/uploads/files/6_Judikatura/Tiesu_prakses_apkopojum/2018/Naida%20runa%20un%20varda%20briviba_Apkopojums_2018_22_10_2018.doc},
 urldate = {2019-07-25},
 institution = {{Supreme Court of The Republic of Latvia}}
}


@incollection{Stranga.2005,
 author = {Stranga, Aivars},
 title = {The Holocaust in Occupied Latvia: 1941-1945},
 editor = {Oberl{\"a}nder, Erwin and Nollendorfs, Valters},
 booktitle = {The Hidden and Forbidden History of Latvia under Soviet and Nazi Occupations.},
 year = {2005},
 address = {Riga}
}


@book{Skujenieks.1930,
 year = {1930},
 title = {Tre{\v{s}}ā tautas skaitī{\v{s}}ana Latvijā},
 address = {Riga},
 editor = {Skujenieks, Marģers}
}


@book{Salnitis.1938,
 year = {1938},
 title = {Latvijas kultūras statistika: 1918-1937.},
 address = {Rīga},
 editor = {Salnītis, V.}
}


@book{Reichelt.2011,
 author = {Reichelt, Katrin},
 year = {2011},
 title = {Lettland unter deutscher Besatzung 1941-1944: der lettische Anteil am Holocaust},
 address = {Berlin},
 publisher = {Metropol-Verlag}
}


@misc{OrganisationofSecurityandCooperationindEurope.,
 title = {ODIHR Hate Crime Reporting (Poland)},
 url = {http://hatecrime.osce.org/poland?year=2017},
 urldate = {2019-07-22}
}


@book{Oberlander.2005,
 year = {2005},
 title = {The Hidden and Forbidden History of Latvia under Soviet and Nazi Occupations. 1940-1991},
 address = {Riga},
 editor = {Oberl{\"a}nder, Erwin and Nollendorfs, Valters}
}


@article{Neiburgs.27.01.2019,
 author = {Neiburgs, Uldis},
 date = {2019-01-27},
 title = {Herberts Cukurs -- slavens lidotājs un/vai kara noziedznieks?},
 url = {http://www.la.lv/br-27-01-rits-herberts-cukurs-slavens-lidotajs-un-vai-kara-noziedznieks},
 urldate = {2019-08-12},
 journal = {LA.lv Ziņu portāls Latvijai}
}


@incollection{Misco.2015,
 author = {Misco, Thomas},
 title = {Holocaust History, Memory and Citizenship Education: The Case of Latvia},
 pages = {337--356},
 publisher = {{Springer Cham}},
 editor = {Gross, Z. and Stevick, E. D.},
 booktitle = {As the Witnesses Fall Silent},
 year = {2015},
 address = {Heidelberg and New York and Dodrecht and London}
}


@misc{Merritt.11.06.2019,
 author = {Merritt, Harry C.},
 editor = {{Peripheral Histories}},
 date = {2019-06-11},
 title = {In the Fight, yet on the Margins: Latvian Jewish Red Army Soldiers},
 url = {https://peripheralhistories.wixsite.com/mysiteok/blog/in-the-fight-yet-on-the-margins-latvian-jewish-red-army-soldiers},
 urldate = {2019-08-02}
}


@book{KotowskiE.V.SchoepsJ.H.&WallenbornH..2001,
 year = {2001},
 title = {Handbuch zur Geschichte der Juden in Europa.},
 publisher = {{Wissenschaftliche Buchgesellschaft.}},
 editor = {{Kotowski, E. V., Schoeps, J. H., {\&} Wallenborn, H.}}
}


@misc{KantarPublicBrussels.2019,
 date = {2019},
 title = {Special Eurobarometer 484. Report: Perceptions of anti-Semitism: Survey requested by the European Commission, Directorate-General for Justice and Consumers and co-ordinated by the Directorate-General for Communication.},
 url = {http://data.europa.eu/euodp/en/data/dataset/S2220_90_4_484_ENG},
 urldate = {2019-07-22},
 institution = {{Kantar Public Brussels}}
}


@book{Janion.2014,
 author = {Janion, Maria},
 year = {2014},
 title = {Die Polen und ihre Vampire: Studien zur Kritik kultureller Phantasmen},
 address = {Frankfurt a.M.},
 publisher = {Suhrkamp}
}


@article{.12.06.2019,
 date = {2019-06-12},
 title = {For Latvia Jewish property restitution, 40-million- euro compensation proposed},
 url = {https://bnn-news.com/to-compensate-jews-for-property-confiscated-in-occupied-latvia-40-million-euro-compensation-proposed-201901},
 urldate = {2019-08-12},
 journal = {Baltic News Network}
}


@article{.16.06.2019,
 date = {2019-06-16},
 title = {Partijas {\textquotedbl}Attīstībai/Par!{\textquotedbl} dāsnais piedāvājums ebreju kopienai -- {\v{s}}ībrī{\v{z}}a labestības uzplūdi vai iepriek{\v{s}} aprēķināts gājiens},
 url = {https://www.pietiek.com/raksti/partijas__attistibai_par!__dasnais_piedavajums_ebreju_kopienai__sibriza_labestibas_uzpludi_vai_ieprieks_aprekinats_gajiens},
 urldate = {2019-08-12},
 journal = {Pietik}
}


@article{.21.06.2019,
 date = {2019-06-21},
 title = {Proposed EUR 40 mln compensation to Latvian Jewish community retracted},
 url = {https://bnn-news.com/proposed-eur-40-mln-compensation-to-latvian-jewish-community-retracted-202139},
 urldate = {2019-08-12},
 journal = {Baltic News Network}
}


@misc{AntiDefamationLeague.,
 title = {Anti-Defamation League Global 100 Survey},
 url = {https://global100.adl.org/},
 urldate = {2019-07-22}
}


@article{Beyer.2015,
 author = {Beyer, Heiko},
 year = {2015},
 title = {Theorien der Antisemitismusforschung: Eine Systematisierung},
 pages = {573--589},
 number = {67},
 journal = {K{\"o}lner Zeitschrift f{\"u}r Soziologie und Sozialpsychologie}
}


@book{Bolin.2012,
 author = {Bolin, P.},
 year = {2012},
 title = {Between National and Academic Agendas: Ethnic Policies and `National Disciplines' at the University of Latvia, 1919-1940},
 url = {https://www.diva-portal.org/smash/get/diva2:558439/FULLTEXT01.pdf},
 address = {Huddinge and Stockholm},
 urldate = {2019-07-24},
 publisher = {{S{\"o}dert{\"o}rns H{\"o}gskola}}
}


@book{Zizek.1989,
 author = {{\v{Z}}i{\v{z}}ek, Slavoj},
 year = {1989},
 title = {The sublime object of ideology},
 publisher = {Verso}
}


@article{Bourdieu.1980,
 author = {Bourdieu, Pierre},
 year = {1980},
 title = {L'identit{\'e} et la repr{\'e}sentation},
 pages = {63--72},
 volume = {35},
 journal = {Actes de la recherche en sciences sociales}
}


@misc{EuropeanCommissionagainstRacismandIntolerance.05.03.2019,
 date = {2019-03-05},
 title = {ECRI Report on Latvia: (fifth monitoring cycle): Adopted on 4 December 2018},
 url = {https://rm.coe.int/fifth-report-on-latvia/1680934a9f},
 urldate = {2019-07-25},
 institution = {{European Commission against Racism and Intolerance}}
}


@misc{EuropeanUnionAgencyforFundamentalRights.2019,
 date = {2019},
 title = {Experiences and perceptions of anti-Semitism: Second survey on discrimination and hate crime against Jews in the EU},
 url = {https://fra.europa.eu/en/publication/2018/2nd-survey-discrimination-hate-crime-against-jews},
 urldate = {2019-07-22},
 institution = {{European Union Agency for Fundamental Rights}}
}


@article{Gabre.23.05.2019,
 author = {Gabre, Antra},
 date = {2019-05-23},
 title = {Herberta Cukura izglābtās ebrejietes meita mātes dzimtenē pateicas glābēja ģimenei},
 url = {https://nra.lv/latvija/281542-herberta-cukura-izglabtas-ebrejietes-meita-mates-dzimtene-pateicas-glabeja-gimenei.htm},
 urldate = {2019-08-12},
 journal = {Neatkarīgā Rīta Avīze}
}


@book{Gross.2015,
 year = {2015},
 title = {As the Witnesses Fall Silent: 21st Century Holocaust Education in Curriculum, Policy and Practice},
 address = {Heidelberg and New York and Dodrecht and London},
 publisher = {{Springer Cham}},
 editor = {Gross, Z. and Stevick, E. D.}
}


@article{GrudzinskaGross.2014,
 author = {Grudzinska-Gross, Irena},
 year = {2014},
 title = {The Backsliding},
 volume = {28},
 number = {4664-668},
 journal = {East European Politics and Societies and Cultures}
}


@book{Haury.2002,
 author = {Haury, Thomas},
 year = {2002},
 title = {Antisemitismus von links: Kommunistische Ideologie, Nationalismus und Antizionismus in der fr{\"u}hen DDR.},
 address = {Hamburg},
 publisher = {{Hamburger Edition}}
}


@misc{BundesministeriumdesInnerenfurBauundHeimat.2019,
 date = {2019},
 title = {Politisch Motivierte Kriminalit{\"a}t im Jahr 2018: Bundesweite Fallzahlen},
 url = {https://www.bmi.bund.de/DE/themen/sicherheit/kriminalitaetsbekaempfung-und-gefahrenabwehr/politisch-motivierte-kriminalitaet/politisch-motivierte-kriminalitaet-node.html},
 urldate = {2019-07-22},
 institution = {{Bundesministerium des Inneren, f{\"u}r Bau und Heimat}}
}


@article{Zuk.2017,
 author = {Zuk, Piotr},
 year = {2017},
 title = {Anti-Semitism in Poland, Yesterday and Today.},
 pages = {81--86},
 volume = {58},
 number = {3},
 journal = {Race{\&}Class}
}


