% This file was created with Citavi 6.3.0.0

@misc{AntiDefamationLeague.,
 title = {Anti-Defamation League Global 100 Survey},
 url = {https://global100.adl.org/},
 urldate = {22.07.2019}
}


@book{Uhlig.2015,
 year = {2015},
 title = {Schiefheilungen: Zeitgen{\"o}ssische Betrachtungen {\"u}ber Antisemitismus.},
 address = {Wiesbaden},
 publisher = {{Springer VS}},
 editor = {Uhlig, Tom and Gehrlein, Martin and Busch, Charlotte}
}


@misc{SupremeCourtofTheRepublicofLatvia.22.10.2018,
 date = {22.10.2018},
 title = {Naida runa un vārda brīvība: Tiesu prakse krimināllietās par Krimināllikuma 74., 78., 150.},
 url = {http://www.at.gov.lv/files/uploads/files/6_Judikatura/Tiesu_prakses_apkopojum/2018/Naida\%20runa\%20un\%20varda\%20briviba_Apkopojums_2018_22_10_2018.doc},
 urldate = {25.07.2019},
 institution = {{Supreme Court of The Republic of Latvia}}
}


@book{Reichelt.2011,
 author = {Reichelt, Katrin},
 year = {2011},
 title = {Lettland unter deutscher Besatzung 1941-1944: der lettische Anteil am Holocaust},
 address = {Berlin},
 publisher = {Metropol-Verlag}
}


@misc{OrganisationofSecurityandCooperationindEurope.,
 title = {ODIHR Hate Crime Reporting (Poland)},
 url = {http://hatecrime.osce.org/poland?year=2017.},
 urldate = {22.07.2019}
}


@incollection{Misco.2015,
 author = {Misco, Thomas},
 title = {Holocaust History, Memory and Citizenship Education: The Case of Latvia},
 pages = {337--356},
 publisher = {{Springer Cham}},
 editor = {Gross, Z. and Stevick, E. D.},
 booktitle = {As the Witnesses Fall Silent},
 year = {2015},
 address = {Heidelberg and New York and Dodrecht and London}
}


@misc{Merritt.11.06.2019,
 author = {Merritt, Harry C.},
 editor = {{Peripheral Histories}},
 year = {11.06.2019},
 title = {In the Fight, yet on the Margins: Latvian Jewish Red Army Soldiers},
 url = {https://peripheralhistories.wixsite.com/mysiteok/blog/in-the-fight-yet-on-the-margins-latvian-jewish-red-army-soldiers},
 urldate = {02.08.2019}
}


@misc{KantarPublicBrussels.2019,
 date = {2019},
 title = {Special Eurobarometer 484. Report: Perceptions of anti-Semitism: Survey requested by the European Commission, Directorate-General for Justice and Consumers and co-ordinated by the Directorate-General for Communication.},
 url = {http://data.europa.eu/euodp/en/data/dataset/S2220_90_4_484_ENG},
 urldate = {22.07.2019},
 institution = {{Kantar Public Brussels}}
}


@book{Haury.2002,
 author = {Haury, Thomas},
 year = {2002},
 title = {Antisemitismus von links: Kommunistische Ideologie, Nationalismus und Antizionismus in der fr{\"u}hen DDR.},
 address = {Hamburg},
 publisher = {{Hamburger Edition}}
}


@article{GrudzinskaGross.2014,
 author = {Grudzinska-Gross, Irena},
 year = {2014},
 title = {The Backsliding},
 volume = {28},
 number = {4664-668},
 journal = {East European Politics and Societies and Cultures}
}


@book{Gross.2015,
 year = {2015},
 title = {As the Witnesses Fall Silent: 21st Century Holocaust Education in Curriculum, Policy and Practice},
 address = {Heidelberg and New York and Dodrecht and London},
 publisher = {{Springer Cham}},
 editor = {Gross, Z. and Stevick, E. D.}
}


@misc{EuropeanUnionAgencyforFundamentalRights.2019,
 date = {2019},
 title = {Experiences and perceptions of anti-Semitism: Second survey on discrimination and hate crime against Jews in the EU},
 url = {https://fra.europa.eu/en/publication/2018/2nd-survey-discrimination-hate-crime-against-jews},
 urldate = {22.07.2019},
 institution = {{European Union Agency for Fundamental Rights}}
}


@misc{EuropeanCommissionagainstRacismandIntolerance.05.03.2019,
 date = {05.03.2019},
 title = {ECRI Report on Latvia: (fifth monitoring cycle): Adopted on 4 December 2018},
 url = {https://rm.coe.int/fifth-report-on-latvia/1680934a9f},
 urldate = {25.07.2019},
 institution = {{European Commission against Racism and Intolerance}}
}


@misc{BundesministeriumdesInnerenfurBauundHeimat.2019,
 date = {2019},
 title = {Politisch Motivierte Kriminalit{\"a}t im Jahr 2018: Bundesweite Fallzahlen},
 url = {https://www.bmi.bund.de/DE/themen/sicherheit/kriminalitaetsbekaempfung-und-gefahrenabwehr/politisch-motivierte-kriminalitaet/politisch-motivierte-kriminalitaet-node.html},
 urldate = {22.07.2019},
 institution = {{Bundesministerium des Inneren, f{\"u}r Bau und Heimat}}
}


@book{Bolin.2012,
 author = {Bolin, P.},
 year = {2012},
 title = {Between National and Academic Agendas: Ethnic Policies and `National Disciplines' at the University of Latvia, 1919-1940},
 url = {https://www.diva-portal.org/smash/get/diva2:558439/FULLTEXT01.pdf},
 address = {Huddinge and Stockholm},
 urldate = {24.07.2019},
 publisher = {{S{\"o}dert{\"o}rns H{\"o}gskola}}
}


@article{Beyer.2015,
 author = {Beyer, Heiko},
 year = {2015},
 title = {Theorien der Antisemitismusforschung: Eine Systematisierung},
 pages = {573--589},
 number = {67},
 journal = {K{\"o}lner Zeitschrift f{\"u}r Soziologie und Sozialpsychologie}
}


@book{Wezel.2016,
 author = {Wezel, Katja},
 year = {2016},
 title = {Geschichte als Politikum: Lettland und die Aufarbeitung nach der Diktatur},
 address = {Berlin},
 publisher = {{Berliner Wissenschafts-Verlag}}
}


@article{Zuk.2017,
 author = {Zuk, Piotr},
 year = {2017},
 title = {Anti-Semitism in Poland, Yesterday and Today.},
 pages = {81--86},
 volume = {58},
 number = {3},
 journal = {Race{\&}Class}
}


